% This is all standard bib tech stuff.
% Stackexchange
@misc{exotic_order,
  title        = {Is the set of real numbers the largest possible totally ordered set?},
  author       = {Haskell Curry (https://math.stackexchange.com/users/39362/haskell-curry)},
  howpublished = {Mathematics Stack Exchange},
  note         = {URL:https://math.stackexchange.com/q/255152 (version: 2013-02-10)},
  eprint       = {https://math.stackexchange.com/q/255152},
  url          = {https://math.stackexchange.com/q/255152}
}

% Papers
@article{Bramson1983ConvergenceOS,
  title   = {Convergence of solutions of the Kolmogorov equation to travelling waves},
  author  = {Maury Bramson},
  journal = {Memoirs of the American Mathematical Society},
  year    = {1983},
  volume  = {44}
}
@article{kolmogorov_etude_1937,
  author  = {Kolmogorov, A., Petrovsky, I., and Piscounov, N.},
  title   = {Etude de l'equation de la diffusion avec croissance de la quantite de matiere et son application a un probleme biologique},
  journal = {Bull. Univ. Moskow, Ser. Internat., Sec. A},
  year    = {1937},
  volume  = {1},
  pages   = {1-25}
}
@unpublished{berestycki_2014,
  place   = {University of Oxford},
  url     = {https://www.stats.ox.ac.uk/~berestyc/Articles/EBP18_v2.pdf},
  journal = {Topics on Branching Brownian motion},
  author  = {Berestycki, Julien}
}
@misc{goodman_2013,
  place     = {New York},
  title     = {Brownian motion and the heat equation},
  url       = {https://www.math.nyu.edu/~goodman/teaching/StochCalc2013/notes/Week4.pdf},
  journal   = {Week 4 - Brownian motion and the heat equation},
  publisher = {New York University},
  author    = {Goodman, Jonathan},
  year      = {2013},
  month     = {Sep}
} 
@misc{ghafari_2017,
  doi       = {10.48550/ARXIV.2107.00006},
  url       = {https://arxiv.org/abs/2107.00006},
  author    = {Ghafari, Joe},
  keywords  = {Probability (math.PR), FOS: Mathematics, FOS: Mathematics, 60G44},
  title     = {A proof of the continuous martingale convergence theorem},
  publisher = {arXiv},
  year      = {2021},
  copyright = {arXiv.org perpetual, non-exclusive license}
}
@misc{diffeq_2020,
  doi       = {10.48550/ARXIV.2007.01994},
  url       = {https://arxiv.org/abs/2007.01994},
  author    = {Bennett, Patrick and Dudek, Andrzej},
  keywords  = {Combinatorics (math.CO), Probability (math.PR), FOS: Mathematics, FOS: Mathematics},
  title     = {A gentle introduction to the differential equation method and dynamic concentration},
  publisher = {arXiv},
  year      = {2020},
  copyright = {arXiv.org perpetual, non-exclusive license}
}
@article{azuma_1967,
  author    = {Kazuoki Azuma},
  title     = {{Weighted sums of certain dependent random variables}},
  volume    = {19},
  journal   = {Tohoku Mathematical Journal},
  number    = {3},
  publisher = {Tohoku University, Mathematical Institute},
  pages     = {357 -- 367},
  year      = {1967},
  doi       = {10.2748/tmj/1178243286},
  url       = {https://doi.org/10.2748/tmj/1178243286}
}




% Textbooks
@book{billingsley_1995,
  place     = {New York, NY},
  title     = {Probability and measure},
  publisher = {John Wiley &amp; Sons, Inc.},
  author    = {Billingsley, Patrick},
  year      = {1995}
}
@book{durrett_2010,
  place     = {Cambridge},
  title     = {Probability: Theory and examples},
  publisher = {Cambridge Univ. Press},
  author    = {Durrett, Richard},
  year      = {2010}
}
@book{folland_2011,
  place     = {New York etc.},
  title     = {Real analysis: Modern techniques and their applications},
  publisher = {"John Wiley \& Sons"},
  author    = {Folland, Gerald Budge},
  year      = {2011}
}
@book{karatzas_shreve_1999,
  place     = {New York, NY},
  title     = {Brownian motion and stochastic calculus},
  publisher = {Springer},
  author    = {Karatzas, Ioannis and Shreve, Steven E.},
  year      = {1999}
}
@book{olver_2020,
  place     = {New York, NY},
  title     = {Introduction to partial differential equations},
  publisher = {Springer},
  author    = {Olver, Peter J.},
  year      = {2020}
}
@book{resnick_2014,
  place     = {New York},
  title     = {A probability path},
  publisher = {Birkh\H{a}user/Springer},
  author    = {Resnick, Sidney I.},
  year      = {2014}
}
@book{williams_2006,
  place     = {Cambridge},
  title     = {Diffusions, Markov processes, and Martingales},
  publisher = {Cambridge Univ. Press},
  author    = {G., Rogers L C and Williams, David},
  year      = {2006}
} 

